<record><leader>00000cas a2200000 a 4500</leader><controlfield tag="001">8880873</controlfield><controlfield tag="007">hd afa015baca</controlfield><controlfield tag="007">hd bfa015baaa</controlfield><controlfield tag="007">hd bfa015baba</controlfield><controlfield tag="008">821021d18881889kyumr nea     0    0eng c</controlfield><datafield ind1=" " ind2=" " tag="010"><subfield code="a">sn 97016122 </subfield></datafield><datafield ind1=" " ind2=" " tag="040"><subfield code="a">KAT</subfield><subfield code="b">eng</subfield><subfield code="c">KAT</subfield><subfield code="d">OCL</subfield><subfield code="d">ATL</subfield><subfield code="d">OCLCQ</subfield><subfield code="d">OCLCF</subfield><subfield code="d">OCLCO</subfield></datafield><datafield ind1="1" ind2=" " tag="029"><subfield code="a">AU@</subfield><subfield code="b">000025927655</subfield></datafield><datafield ind1=" " ind2=" " tag="042"><subfield code="a">pcc</subfield></datafield><datafield ind1=" " ind2=" " tag="043"><subfield code="a">n-us-ky</subfield></datafield><datafield ind1="1" ind2="4" tag="050"><subfield code="a">BX8201</subfield></datafield><datafield ind1="0" ind2="4" tag="245"><subfield code="a">The old Methodist</subfield><subfield code="h">[microform].</subfield></datafield><datafield ind1=" " ind2=" " tag="260"><subfield code="a">Frankfort, Ky. :</subfield><subfield code="b">H.C. Morrison</subfield></datafield><datafield ind1=" " ind2=" " tag="300"><subfield code="a">1 v.</subfield></datafield><datafield ind1=" " ind2=" " tag="310"><subfield code="a">Monthly</subfield></datafield><datafield ind1="1" ind2=" " tag="362"><subfield code="a">Began with v. 1, no. 1 in Dec. 1888; ceased in 1889?</subfield></datafield><datafield ind1=" " ind2=" " tag="588"><subfield code="a">Description based on: Vol. 1, no. 4 (Mar. 1889); title from caption.</subfield></datafield><datafield ind1=" " ind2=" " tag="588"><subfield code="a">Latest issue consulted: Vol. 1, no. 12 (Nov. 1889).</subfield></datafield><datafield ind1=" " ind2=" " tag="533"><subfield code="a">Microfilm.</subfield><subfield code="m">v.1:no. 4,12 (Mar., Nov. 1889)</subfield><subfield code="b">Evanston, Ill. :</subfield><subfield code="c">American Theological Library Association,</subfield><subfield code="d">1980.</subfield><subfield code="e">1 microfilm reel ; 35 mm.</subfield><subfield code="f">(ATLA serials preservation program ; ATLA film S0294A).</subfield><subfield code="n">Filmed on reel with v. 9-11 of Pentecostal herald.</subfield></datafield><datafield ind1=" " ind2="0" tag="650"><subfield code="a">Methodist Church</subfield><subfield code="z">Kentucky</subfield><subfield code="v">Newspapers.</subfield></datafield><datafield ind1=" " ind2="7" tag="655"><subfield code="a">Newspapers.</subfield><subfield code="2">fast</subfield><subfield code="0">(OCoLC)fst01423814</subfield></datafield><datafield ind1=" " ind2="7" tag="650"><subfield code="a">Methodist Church.</subfield><subfield code="2">fast</subfield><subfield code="0">(OCoLC)fst01018643</subfield></datafield><datafield ind1=" " ind2="7" tag="651"><subfield code="a">Kentucky.</subfield><subfield code="2">fast</subfield><subfield code="0">(OCoLC)fst01204494</subfield></datafield><datafield ind1="1" ind2=" " tag="776"><subfield code="c">Original</subfield><subfield code="w">(DLC)sn 97016121</subfield><subfield code="w">(OCoLC)37530585</subfield></datafield><datafield ind1="0" ind2="0" tag="785"><subfield code="t">Kentucky Methodist</subfield></datafield><datafield ind1=" " ind2="0" tag="830"><subfield code="a">ATLA serials preservation program ;</subfield><subfield code="v">ATLA film S0294A.</subfield></datafield></record>